@MISC{img:bfh,
  url = {http://www.bfh.ch},
  urldate = {2013-09-27},
  author = {BFHler},
  title = {BFH Logo},
  year = {2012},
  keywords = {pic},
}


@ONLINE{lit:online,
  url = {www.test.com},
  title = {Test},
  publisher = {Tester},
  urldate = {2013-10-21},
  author = {Max Test},
  year = {2012},
  keywords = {lit},
}


@BOOK{lit:bsp,
  title = {Beispiel},
  publisher = {Die Beispieler},
  year = {2002},
  author = {Beispiel Max},
  edition = {2},
  month = {09},
  keywords = {lit},
}
